<collection xmlns="http://www.loc.gov/MARC21/slim">
<record>
  <leader>02762nam0a2200469 i 450 </leader>
  <controlfield tag="001">IT\ICCU\CNCE\014907</controlfield>
  <controlfield tag="005">20071005000000.0</controlfield>
  <datafield tag="012" ind1=" " ind2=" ">
    <subfield code="a">elhe 2139 e.de NoRe (3) 1589 (R)</subfield>
    <subfield code="2">fei</subfield>
  </datafield>
  <datafield tag="100" ind1=" " ind2=" ">
    <subfield code="a">19970101d1589        0itac0103    ba</subfield>
  </datafield>
  <datafield tag="101" ind1=" " ind2=" ">
    <subfield code="a">ITA</subfield>
  </datafield>
  <datafield tag="102" ind1=" " ind2=" ">
    <subfield code="a">IT</subfield>
  </datafield>
  <datafield tag="200" ind1="1" ind2=" ">
    <subfield code="a">Poesie toscane dell&apos;illustriss. sign. Mario Colonna, et di Pietro Angelio con l&apos;Edipo tiranno tragedia di Sofocle tradotta dal medesimo Angelio</subfield>
  </datafield>
  <datafield tag="210" ind1=" " ind2=" ">
    <subfield code="a">In Firenze</subfield>
    <subfield code="c">a stanza di Matteo Galassi e compagni librari in Lucca</subfield>
    <subfield code="d">1589</subfield>
  </datafield>
  <datafield tag="215" ind1=" " ind2=" ">
    <subfield code="a">\12!, 126 \i.e. 216! p.</subfield>
    <subfield code="d">8ʻ</subfield>
  </datafield>
  <datafield tag="300" ind1=" " ind2=" ">
    <subfield code="a">A p. 145 altro front.: Edipo tiranno tragedia di Sofocle. In Firenze, appresso Bartolomeo Sermartelli, 1589</subfield>
  </datafield>
  <datafield tag="620" ind1=" " ind2=" ">
    <subfield code="a">IT</subfield>
    <subfield code="d">Firenze</subfield>
  </datafield>
  <datafield tag="700" ind1=" " ind2="1">
    <subfield code="a">Colonna,</subfield>
    <subfield code="b">Mario</subfield>
    <subfield code="3">IT\ICCU\CNCA\000185</subfield>
  </datafield>
  <datafield tag="702" ind1=" " ind2="1">
    <subfield code="a">Angeli,</subfield>
    <subfield code="b">Pietro</subfield>
    <subfield code="3">IT\ICCU\CNCA\000716</subfield>
  </datafield>
  <datafield tag="702" ind1=" " ind2="0">
    <subfield code="a">Sophocles</subfield>
    <subfield code="3">IT\ICCU\CNCA\003094</subfield>
  </datafield>
  <datafield tag="712" ind1="0" ind2="0">
    <subfield code="a">Galassi, Matteo &amp; C.</subfield>
    <subfield code="3">IT\ICCU\CNCT\002861</subfield>
    <subfield code="4">650</subfield>
  </datafield>
  <datafield tag="712" ind1="0" ind2="0">
    <subfield code="a">Sermartelli, Bartolomeo</subfield>
    <subfield code="c"> &lt;1.&gt;</subfield>
    <subfield code="3">IT\ICCU\CNCT\000160</subfield>
    <subfield code="4">650</subfield>
  </datafield>
  <datafield tag="790" ind1=" " ind2="1">
    <subfield code="a">Columna,</subfield>
    <subfield code="b">Marius</subfield>
    <subfield code="3">IT\ICCU\CNCA\013312</subfield>
    <subfield code="z">Colonna, Mario</subfield>
  </datafield>
  <datafield tag="790" ind1=" " ind2="1">
    <subfield code="a">Bargaeus,</subfield>
    <subfield code="b">Petrus</subfield>
    <subfield code="3">IT\ICCU\CNCA\007684</subfield>
    <subfield code="z">Angeli, Pietro</subfield>
  </datafield>
  <datafield tag="790" ind1=" " ind2="1">
    <subfield code="a">Angeli,</subfield>
    <subfield code="b">Pietro degli</subfield>
    <subfield code="3">IT\ICCU\CNCA\012624</subfield>
    <subfield code="z">Angeli, Pietro</subfield>
  </datafield>
  <datafield tag="790" ind1=" " ind2="1">
    <subfield code="a">Angelius,</subfield>
    <subfield code="b">Petrus : Bargaeus</subfield>
    <subfield code="3">IT\ICCU\CNCA\012625</subfield>
    <subfield code="z">Angeli, Pietro</subfield>
  </datafield>
  <datafield tag="790" ind1=" " ind2="1">
    <subfield code="a">Angelio,</subfield>
    <subfield code="b">Pietro</subfield>
    <subfield code="3">IT\ICCU\CNCA\012645</subfield>
    <subfield code="z">Angeli, Pietro</subfield>
  </datafield>
  <datafield tag="790" ind1=" " ind2="1">
    <subfield code="a">Bargeo,</subfield>
    <subfield code="b">Pietro Angelo</subfield>
    <subfield code="3">IT\ICCU\CNCA\018258</subfield>
    <subfield code="z">Angeli, Pietro</subfield>
  </datafield>
  <datafield tag="790" ind1=" " ind2="0">
    <subfield code="a">Sofocle</subfield>
    <subfield code="3">IT\ICCU\CNCA\014913</subfield>
    <subfield code="z">Sophocles</subfield>
  </datafield>
  <datafield tag="790" ind1=" " ind2="0">
    <subfield code="a">Sophokles</subfield>
    <subfield code="3">IT\ICCU\CNCA\024107</subfield>
    <subfield code="z">Sophocles</subfield>
  </datafield>
  <datafield tag="791" ind1="0" ind2="2">
    <subfield code="a">Bartolomeo S. M.</subfield>
    <subfield code="3">IT\ICCU\CNCT\004089</subfield>
    <subfield code="z">Sermartelli, Bartolomeo &lt;1.&gt;</subfield>
  </datafield>
  <datafield tag="791" ind1="0" ind2="0">
    <subfield code="a">Sermartellius, Bartholomaeus</subfield>
    <subfield code="c"> &lt;1.&gt;</subfield>
    <subfield code="3">IT\ICCU\CNCT\005648</subfield>
    <subfield code="z">Sermartelli, Bartolomeo &lt;1.&gt;</subfield>
  </datafield>
  <datafield tag="801" ind1=" " ind2="3">
    <subfield code="a">IT</subfield>
    <subfield code="b">ICCU</subfield>
    <subfield code="c">20201114</subfield>
  </datafield>
  <datafield tag="899" ind1=" " ind2=" ">
    <subfield code="a">Biblioteca Riccardiana. Firenze</subfield>
    <subfield code="1">FI0094</subfield>
    <subfield code="2">CFI RF</subfield>
  </datafield>
  <datafield tag="899" ind1=" " ind2=" ">
    <subfield code="a">Biblioteca statale. Lucca</subfield>
    <subfield code="1">LU0022</subfield>
    <subfield code="2">LUA BL</subfield>
  </datafield>
  <datafield tag="899" ind1=" " ind2=" ">
    <subfield code="a">Biblioteca del Seminario Vescovile della Facolt ̉Teologica del Triveneto dell&apos;Istituto Filosofico Aloisianum. Padova</subfield>
    <subfield code="1">PD0073</subfield>
    <subfield code="2">PUV 01</subfield>
  </datafield>
  <datafield tag="899" ind1=" " ind2=" ">
    <subfield code="a">Biblioteca universitaria Alessandrina. Roma</subfield>
    <subfield code="1">RM0280</subfield>
    <subfield code="2">RML 01</subfield>
  </datafield>
  <datafield tag="899" ind1=" " ind2=" ">
    <subfield code="a">Biblioteca nazionale universitaria. Torino</subfield>
    <subfield code="1">TO0265</subfield>
    <subfield code="2">TO0 02</subfield>
  </datafield>
  <datafield tag="899" ind1=" " ind2=" ">
    <subfield code="a">Biblioteca Bartoliniana. Udine</subfield>
    <subfield code="1">UD0243</subfield>
    <subfield code="2">ZUD 12</subfield>
  </datafield>
  <datafield tag="911" ind1=" " ind2=" ">
    <subfield code="a">Sul front.</subfield>
    <subfield code="9">IT\ICCU\CNCM\000090</subfield>
  </datafield>
  <datafield tag="911" ind1=" " ind2=" ">
    <subfield code="a">Sul front. dell&apos; Edipo tiranno</subfield>
    <subfield code="9">IT\ICCU\CNCM\000084</subfield>
  </datafield>
  <datafield tag="921" ind1=" " ind2=" ">
    <subfield code="a">IT\ICCU\CNCM\000090</subfield>
    <subfield code="b">Anfora inclinata da cui cadono gocce su una pianta. In cornice figurata</subfield>
    <subfield code="e">A poco a poco.</subfield>
    <subfield code="c">A63</subfield>
    <subfield code="c">V259</subfield>
    <subfield code="c">Z77</subfield>
    <subfield code="d">Dimensioni: 4,9 x 5,1</subfield>
    <subfield code="f">ANFORA</subfield>
    <subfield code="f">APOCOAPOCO</subfield>
    <subfield code="f">GOCCE</subfield>
    <subfield code="g">1571-1599</subfield>
  </datafield>
  <datafield tag="921" ind1=" " ind2=" ">
    <subfield code="a">IT\ICCU\CNCM\000084</subfield>
    <subfield code="b">Tartaruga che tiene sul guscio una vela con giglio fiorentino. In cornice figurata</subfield>
    <subfield code="e">Festina lente.</subfield>
    <subfield code="c">Z1152</subfield>
    <subfield code="d">Dimensioni: 4 x 4,8</subfield>
    <subfield code="f">FESTINALEN</subfield>
    <subfield code="f">GIGLIO</subfield>
    <subfield code="f">TARTARUGA</subfield>
    <subfield code="f">VELA</subfield>
    <subfield code="g">1574-1599</subfield>
  </datafield>
</record>
</collection>
